<record><leader>00000cas a22000007a 4500</leader><controlfield tag="001">14201697</controlfield><controlfield tag="008">860910u1852uuuutxuwr ne      0    0eng d</controlfield><datafield ind1=" " ind2=" " tag="010"><subfield code="a">sn 86088913 </subfield></datafield><datafield ind1=" " ind2=" " tag="040"><subfield code="a">PPM</subfield><subfield code="b">eng</subfield><subfield code="c">PPM</subfield><subfield code="d">OCLCQ</subfield></datafield><datafield ind1=" " ind2=" " tag="042"><subfield code="a">msc</subfield></datafield><datafield ind1="0" ind2=" " tag="130"><subfield code="a">Leon pioneer (Centerville, Tex. : 1852)</subfield></datafield><datafield ind1="1" ind2="4" tag="245"><subfield code="a">The Leon pioneer.</subfield></datafield><datafield ind1=" " ind2=" " tag="260"><subfield code="a">Centerville, Tex. :</subfield><subfield code="b">Wood, Horn, &amp; Co.,</subfield><subfield code="c">1852-</subfield></datafield><datafield ind1=" " ind2=" " tag="300"><subfield code="a">v. ;</subfield><subfield code="c">56 cm.</subfield></datafield><datafield ind1=" " ind2=" " tag="310"><subfield code="a">Weekly</subfield></datafield><datafield ind1="0" ind2=" " tag="362"><subfield code="a">Vol. 1, no. 1 (June 9, 1852)-</subfield></datafield><datafield ind1=" " ind2=" " tag="752"><subfield code="a">United States</subfield><subfield code="b">Texas</subfield><subfield code="c">Leon</subfield><subfield code="d">Centerville.</subfield></datafield><datafield ind1="1" ind2=" " tag="029"><subfield code="a">AU@</subfield><subfield code="b">000025838112</subfield></datafield></record>